@article{wator,
  author = "Dewdney, Alexander Keewatin",
  title = "Sharks and fish Wage an ecological War on the toroidal planet Wa-Tor",
  year = "1984",
  journal = "Scientific American. pp. I4â€”22"
}

@article{domain_decomposition,
  author = "William Gropp",
  title = "PARALLEL COMPUTING AND DOMAIN DECOMPOSITION",
  year = "1992",
  journal = "Domain Decomposition Methods for Partial Differential Equations (pp. 349-361)"
}

@article{celular_automata,
  author = "Peter Sloot and D.Talia ",
  title = "Cellular automata: promise and prospects in computational science",
  year = "1999",
  journal = "Future Generation Computing Systems",
}

@INPROCEEDINGS{bounded_neighbours,
    author = {F. Baiardi and A. Bonotti and L. Ferrucci and L. Ricci and P. Mori},
    title = {Load balancing by domain decomposition: the bounded neighbour approach},
    booktitle = {In Proc. of 17th European Simulation Multiconference},
    year = {2003},
    pages = {9--11}
}
